@INPROCEEDINGS{conf-a,
  title = {Conference Paper A},
  author = {Appleseed, Johnny},
  booktitle = {Proc. A},
  date = {2023-07}
}

@INPROCEEDINGS{conf-b,
  title = {Conference Paper B},
  author = {Appleseed, Johnny},
  booktitle = {Proc. B},
  date = {2022-02}
}

@ARTICLE{journ-1,
  title = {Journal Paper 1},
  author = {Appleseed, Johnny},
  journaltitle = {Journal 1},
  date = {2021-12}
}

@ARTICLE{journ-2,
  title = {Journal Paper 2},
  author = {Appleseed, Johnny},
  journaltitle = {Journal 2},
  date = {2021-10}
}

@ARTICLE{journ-3,
  title = {Journal Paper 3},
  author = {Appleseed, Johnny},
  journaltitle = {Journal 3},
  date = {2023-03}
}

@INPROCEEDINGS{conf-c,
  title = {Conference Paper C},
  author = {Appleseed, Johnny},
  booktitle = {Proc. C},
  date = {2020-12}
}